@misc{Bache+Lichman:2013,
author = "K. Bache and M. Lichman",
year = "2013",
title = "{UCI} Machine Learning Repository",
url = "http://archive.ics.uci.edu/ml",
institution = "University of California, Irvine, School of Information and Computer Sciences"
}
@inproceedings{yagnik2011power,
  title={The power of comparative reasoning},
  author={Yagnik, Jay and Strelow, Dennis and Ross, David A and Lin, Ruei-sung},
  booktitle={Computer Vision (ICCV), 2011 IEEE International Conference on},
  pages={2431--2438},
  year={2011},
  organization={IEEE}
}